@article{Roby63,
  author   = {Roby, Norbert},
  title    = {{Lois polynomes et lois formelles en th\'eorie des modules}},
  journal  = {Annales scientifiques de l'\'Ecole Normale Sup\'erieure},
  pages    = {213--348},
  publisher = {Elsevier},
  volume    = {3e s{\'e}rie, 80},
  number    = {3},
  year      = {1963},
  doi       = {10.24033/asens.1124},
  mrnumber  = {28 #5091},
  zbl       = {0117.02302},
  language  = {fr},
  url       = {http://www.numdam.org/articles/10.24033/asens.1124/}
}


@article{Roby65,
  author   = {Roby, Norbert},
  title    = {{Les alg{\`e}bres {\`a} puissances divis{\'e}es}},
  journal  = {Bulletin des Sciences Math√©matiques},
  volume   = {89},
  number   = {2},
  pages    = {75--91},
  year     = {1965},
  language = {fr},
}
